@online{Reddit,
author = {Reddit/cerenity},
title = {MIT develops Cello},
year = {2016},
url = {https://www.reddit.com/r/science/comments/4dbvmr/mit_develops_cello_a_programming_language_for}
}

@online{Cidarlab,
author = {Cidarlab/Cello},
title = {Cello},
year = {2016},
url = {https://github.com/CIDARLAB/cello},
}

@online{Cellocad,
author = {Cellocad},
title = {Cellocad},
year = {2017},
url = {http://www.cellocad.org/}
}


@online{ncbi,
author = {ncbiRefs},
title = {Genetic circuit design automation.  - PubMed - NCBI},
year = {2017},
url = {https://www.ncbi.nlm.nih.gov/pubmed/27034378}
}

